@book{book:mastering-bitcoin,
	title     = {Mastering Bitcoin. Programming the open blockchain},
	author    = {Andreas M. Antonopoulos},
	year      = {2017},
	publisher = {Second Edition. O'Reilly},
	chapter		= {6,10},
	pages   	= {131-138,215-237},
}

@article{article:code-is-law-principle,
	title   = {Code and Other Laws of Cyberspace},
	author  = {{Lawrence Lessig}},
	journal = {Basic Books, Inc.},
	place   = {USA},
	year    = {1999}
}

@article{article:from-code-is-law-to-law-is-code,
	title   = {Blockchain technology as a regulatory technology: From code is law to law is code},
	author  = {{Primavera De Filippi and Samer Hassan}},
	url   	= {https://top-forex-brokers.com/ 2021/10/07/understanding-the-dao-attack/},
	year    = {2016}
}

@article{article:dao-attack,
	title   = {Understanding the dao attack},
	author  = {{David Siegel}},
	journal = {First Monday 21(12)},
	url   	= {doi:10.5210/fm.v21i12.7113},
	year    = {2016}
}

@article{article:stipula-dsl,
	title   = {Stipula: a domain specific language for legal contracts},
	author  = {{Silvia Crafa, Cosimo Laneve and Giovanni Sartor}},
	journal = {Technical Report, ProLaLa 2022 ProLaLa Programming Languages and the Law},
	url   	= {https://popl22.sigplan.org/details/prolala-2022-papers/6/Legal-Calculi},
	year    = {2022}
}

@article{article:stipula-legal-calculi,
	title   = {From Legal Contracts to Legal Calculi: the code-driven normativity},
	author  = {{Silvia Crafa}},
	journal = {Proc. of Workshop EXPRESS/SOS 2022},
	volume  = {368 EPTCS},
	url   	= {doi.org/10.4204/EPTCS.368.2},
	pages   = {23-42},
	year    = {2022}
}

@article{article:pacta-sunt-servanda,
	title   = {Pacta sunt servanda: legal contracts in Stipula.},
	author  = {{Silvia Crafa, Cosimo Laneve and Giovanni Sartor}},
	journal = {arXiv},
	url   	= {https://arxiv.org/abs/2110.11069},
	year    = {2021}
}

@article{article:legal-calculi,
	title   = {Legal Calculi},
	author  = {{Shrutarshi Basu, Anshuman Mohan, James Grimmelmann and Nate Foster}},
	journal = {ProLaLa Programming Languages and the Law},
	url   	= {https://popl22.sigplan.org/details/prolala-2022-papers/6/Legal-Calculi},
	year    = {2022}
}

@article{article:legally-enforceable-smart-contract-languages,
	title   = {Legally Enforceable Smart-Contract Languages: A Systematic Literature Review},
	author  = {{Vimal Dwivedi, Vishwajeet Pattanaik, Vipin Deval, Abhishek Dixit, Alex Norta and Dirk Draheim}},
	journal = {ACM Comput},
	url   	= {https://doi.org/10.1145/3453475},
	year    = {2021}
}

@article{article:writing-safe-smart-contracts-in-flint,
	title   = {Writing Safe Smart Contracts in Flint},
	author  = {{Franklin Schrans, Susan Eisenbach and Sophia Drossopoulou}},
	journal = {Conference Companion of the 2nd International Conference on Art, Science, and Engineering of Programming, Programmingâ€™18 Companion, ACM},
	place		= {New York, NY, USA},
	url   	= {https://doi.org/10.1145/3191697.3213790},
	year    = {2018},
	pages   = {218-219},
}

@article{article:resource-aware-session-types-for-digital-contracts,
	title   = {Resource-Aware Session Types for Digital Contracts},
	author  = {{A. Das, S. Balzer, J. Hoffmann, F. Pfenning and I. Santurkar}},
	journal = {2021 2021 IEEE 34th Computer Security Foundations Symposium (CSF), IEEE Computer Society},
	place		= {Los Alamitos, CA, USA},
	url   	= {https://doi.org/10.1109/CSF51468.2021.00004},
	year    = {2021},
	pages   = {111-126},
}

@article{article:move-language,
	title   = {Move: A Language With Programmable Resources},
	author  = {{Sam Blackshear and et al.}},
	url   	= {https://developers.diem.com/papers/diem-move-a-language-with-programmable-resources/2020-04-09.pdf},
	year    = {2021}
}

@online{site:smart-contract-szabo,
	title   = {Formalizing and Securing Relationships on Public Networks},
	author  = {{Nick Szabo}},
	url   	= {https://bitcoinstan.io/prehistory/doc/1997_2.pdf},
	year    = {1997}
}

@online{site:hashcash,
	title   = {Hashcash - a denial of service counter-measure},
	author  = {{Adam Back}},
	url   	= {https://www.hashcash.org/papers/hashcash.pdf},
	year    = {2002}
}

@online{site:code-driven-law,
	title   = {The CoHuBiCoL research project},
	url     = {https://www.cohubicol.com/about},
	year    = {2019}
}

@online{site:rulse-as-code,
	title   = {Cracking the Code},
	url     = {https://oecd-opsi.org/publications/cracking-the-code/},
	note    = {Cracking the Code: Rulemaking for humans and machines},
	year 		= {2020}
}

@online{site:catala,
	title   = {Catala in action},
	url     = {https://catala-lang.org/},
	note    = {Language site},
	year 		= {2022}
}

@online{site:akoma-ntoso,
	title   = {Akoma Ntoso},
	url     = {http://www. akomantoso.org/},
	note    = {Akoma Ntoso XML for parliamentary, legislative and judiciary documents},
	year 		= {2018}
}

@online{site:java,
	title   = {Java},
	url     = {https://www.java.com/},
	note    = {Java official site}
}

@online{site:antlr,
	title   = {ANTLR. ANother Tool for Language Recognition},
	url     = {https://www.antlr.org/},
	note    = {ANTLR official site}
}

@online{site:antlr-version,
	title   = {ANTLR v4.10},
	url     = {https://github.com/antlr/website-antlr4/blob/gh-pages/download/antlr-4.10-complete.jar},
	note    = {ANTLR official site}
}

@online{site:docker,
	title   = {Docker: Accelerated, Containerized Application Development},
	url     = {https://www.docker.com/},
	note    = {Docker official site}
}

@online{site:github,
	title   = {GitHub},
	url     = {https://github.com/},
	note    = {GitHub official site}
}

@online{site:intellij,
	title   = {IntelliJ IDEA},
	url     = {https://www.jetbrains.com/idea/},
	note    = {IntelliJ IDEA official site}
}

@online{site:bitcoin-mining,
	title   = {Bitcoin mining and halving},
	url     = {https://cointelegraph.com/learn/bitcoin-halving-how-does-the-halving-cycle-work-and-why-does-it-matter},
	note    = {Cointelegraph official site}
}

@online{site:bitcoin-halving,
	title   = {Bitcoin halving explained},
	url     = {https://www.coindesk.com/learn/bitcoin-halving-explained/},
	note    = {Coindesk official site}
}

@online{site:arbitrum,
	title   = {Arbitrum},
	url     = {https://arbitrum.io/},
	note    = {Arbitrum official site}
}

@online{site:optimism,
	title   = {Optimism},
	url     = {https://www.optimism.io/},
	note    = {Optimism official site}
}

@online{site:arbitrum-fees,
	title   = {Arbitrum fees},
	url     = {https://developer.arbitrum.io/arbos/gas},
	note    = {Arbitrum official site}
}

@online{site:optimism-fees,
	title   = {Optimism fees},
	url     = {https://help.optimism.io/hc/en-us/articles/4411895794715-How-do-transaction-fees-on-Optimism-work-},
	note    = {Optimism official site}
}

@online{site:stipula-java-centralized,
	title   = {Stipula Prototype},
	author  = {{Silvia Crafa, Cosimo Laneve and Adele Veschetti}},
	url     = {https://github.com/stipula-language},
	note    = {GitHub Repository},
	year		= {2022}
}

@online{site:stipula-java-centralized-grammar,
	title   = {Stipula Prototype},
	author  = {{Silvia Crafa, Cosimo Laneve and Adele Veschetti}},
	url     = {https://github.com/stipula-language/stipula/blob/master/Stipula-LAN/Stipula.g4},
	note    = {GitHub Repository},
	year		= {2022}
}

@online{site:stipula-java-centralized-syntax,
	title   = {Stipula Prototype},
	author  = {{Silvia Crafa, Cosimo Laneve and Adele Veschetti}},
	url     = {https://github.com/stipula-language/stipula/blob/6e98b56bb10403eb5e23ec8a8ef832dee1ff51d8/syntax.pdf},
	note    = {GitHub Repository},
	year		= {2022}
}

@online{site:eu-odr-platform,
	title   = {The European ODR platform},
	url     = {https://ec.europa.eu/consumers/odr},
	note    = {Official site}
}

@online{site:solidity-state-machine,
	title   = {Solidity Documentation: State Machine Common Pattern},
	url     = {https://docs.soliditylang.org/en/v0.8.0/common-patterns.html#state-machine},
	note    = {Official Solidity site}
}

@online{site:obsidian,
	title   = {Obsidian: A safer blockchain programming language},
	url     = {http://obsidian-lang.com/},
	note    = {Official Obsidian site},
	year		= {2018}
}

@online{site:stipula-github,
	title   = {Stipula implementation},
	author	= {Federico Zanardo},
	url     = {https://github.com/federicozanardo/stipula-node},
	note    = {Official GitHub repository},
	year		= {2023}
}

@online{site:stipula-github-releases,
	title   = {Stipula releases},
	author	= {Federico Zanardo},
	url     = {https://github.com/federicozanardo/stipula-node/releases},
	note    = {Official GitHub repository},
	year		= {2023}
}

@online{site:stipula-github-last-release,
	title   = {Stipula last release},
	author	= {Federico Zanardo},
	url     = {https://github.com/federicozanardo/stipula-node/releases/tag/v0.4.2},
	note    = {Official GitHub repository},
	year		= {2023}
}

@online{site:stipula-github-packages-page,
	title   = {Stipula packages page},
	author	= {Federico Zanardo},
	url     = {https://github.com/federicozanardo?tab=packages&repo_name=stipula-node},
	note    = {Official GitHub repository},
	year		= {2023}
}

@online{site:stipula-github-available-packages,
	title   = {Stipula available packages},
	author	= {Federico Zanardo},
	url     = {https://github.com/federicozanardo/stipula-node/pkgs/container/stipula-node},
	note    = {Official GitHub repository},
	year		= {2023}
}

@online{site:stipula-github-issues-section,
	title   = {Stipula issues section},
	author	= {Federico Zanardo},
	url     = {https://github.com/federicozanardo/stipula-node/issues},
	note    = {Official GitHub repository},
	year		= {2023}
}

@online{site:stipula-github-milestones-section,
	title   = {Stipula milestones section},
	author	= {Federico Zanardo},
	url     = {https://github.com/federicozanardo/stipula-node/milestones},
	note    = {Official GitHub repository},
	year		= {2023}
}

@online{site:stipula-github-graph-dependencies,
	title   = {Stipula graph dependencies},
	author	= {Federico Zanardo},
	url     = {https://github.com/federicozanardo/stipula-node/tree/master/graphs},
	note    = {Official GitHub repository},
	year		= {2023}
}

@online{site:leveldb,
	title   = {LevelDB Official Repository},
	url     = {https://github.com/google/leveldb},
	note    = {Official GitHub repository}
}

@online{site:stipula-programming-legal-contracts,
	title   = {Programming legal contracts: A beginners guide to Stipula.},
	author  = {{Silvia Crafa and Cosimo Laneve}},
	url   	= {https://cs.unibo.it/~laneve/papers/beginStipula.pdf},
	year    = {2022}
}

@online{site:plasma-ethereum,
	title   = {Plasma chains},
	url   	= {https://ethereum.org/en/developers/docs/scaling/plasma/}
}

@online{site:polygon-ethereum,
	title   = {Polygon Technology},
	url   	= {https://polygon.technology/}
}

@online{site:lightning-network,
	title   = {Lightning Network},
	url   	= {https://lightning.network/}
}
